%%%%%%%%%%%%%%%%%%%%%%%%%%%%%%%%%%%%%%%%%%%%%%%%%%%%%%%%%%%%%%%%%%%
% CHAPTER 前言
%%%%%%%%%%%%%%%%%%%%%%%%%%%%%%%%%%%%%%%%%%%%%%%%%%%%%%%%%%%%%%%%%%%

%吕才典讲义 
@book{cite1:lv,
      author = {{吕才典}},
      title = "粒子物理学导论",
      year = {2014},
      publisher = "讲义，中科院高能所",
}

@book{cite2:zhang,
      author = {{章乃森}},
      title = "粒子物理学[M]",
      year = {1968},
      publisher = "北京科学出版社",
      address =      {北京}，
      pages          = "1-78",
}

@article{cite3,
      author         = "S. Weinberg..",
      title          = "{A Model of Leptons[J]}",
      journal        = "Phys. Rev. Lett.",
      volume         = "19",
      year           = "1967",
}


@article{ATLAS:2012,
      author         = "G. Aad. and others",
      title          = "{(ATLAS Collaboration)}",
      collaboration  = "ATLAS",
      journal        = "Phys.Lett.B",
      volume         = "716",
      year           = "2012",
      pages          = "1-29"
}

% higgs
@article{CMS:2012,
      author         = "S.Chatrchyan. and others",
      title          = "{(CMS Collaboration)}",
      collaboration  = "CMS",
      journal        = "Phys.Lett.B",
      volume         = "716",
      year           = "2012",
      pages          = "30-61"
}
@article{higgs1,
      author         = "Englert F and others",
      title          = "{(Broken symmetry and the mass of gauge vector mesons[J])}",
      journal        = "Physical Review Letters",
      volume         = "13(9)",
      year           = "1964",
      pages          = "321-323"
}
@article{higgs2,
      author         = "P.W. Higgs",
      title          = "{(Brokin Symmetries and the Massed of Gauge Bosons)}",
      journal        = "Physical Review Letters",
      volume         = "13(16)",
      pages          = "508-509"
}
@book{zhouzhihua,
      author = {{周志华}},
      title = "机器学习",
      year = {2016},
      publisher = "清华大学出版社",
}
@article{cern1,
      author         = "Adrian Cho",
      title          = "{(Higgs Boson Makes Its Debut After Decades-Long Search)}",
      journal        = "Science",
      volume         = "337(6091)",
      pages          = "141-143"
}
@article{cern2,
      author         = "Matthew Chalmers",
      title          = "{(New boson sparks call for Higgs factory)}",
      journal        = "http://physicsworld.com/cws/article/news/2012/jul/05/new-boson-sparks-call-for-higgs-factory.",
}
@article{cern3,
      author         = "Richard Webb",
      title          = "{(Physicists propose factory to spew out Higgs particles)}",
      journal        = "http://www.newscientist.com/article/dn22021-physicists-propose-factory-to-spew-out-higgs-particles.html",
}
@article{cern4,
      author         = "The ATLAS Collaboration",
      title          = "{(A Particle Consistent with the Higgs Boson Observed with the ATLAS Detector at the Large Hadron Collider)}",
      journal        = "Science",
      volume         = "338(6114)",
      pages          = "1576-1582"      
}
@article{cern5,
      author         = "Chatrchyan S, Khachatryan V, Sirunyan A M, et al",
      title          = "{(Observation of a new boson at a mass of 125 GeV with the CMS experiment at the LHC[J])}",
      journal        = "Physics Letters B",
      volume         = "716(1)",
      pages          = "30-61"      
}
@article{zhuxuezheng,
      author         = "朱学正",
      title          = "{(CEPC 量能器上的能量测量)}",
      journal        = "中国科学院高能物理研究所硕士论文",
      year           = "2017"     
}
@book{jet,
      author = {{黄涛}},
      title = "中国大百科全书",
      year = {2009},
      publisher = "中国大百科全书出版社",
      pages          = "362"
}
@book{zhengzhipeng,
      author = {{郑志鹏，朱永生}},
      title = "北京谱仪正负电子物理",
      year = {1998},
      publisher = "广西科学技术出版社"
}



